@book{bui2013write,
  title={How to write a master's thesis},
  author={Bui, Yvonne N},
  year={2013},
  publisher={Sage Publications}
}
